@article{mail-personality,
author = {Back, Mitja and Schmukle, Stefan and Egloff, Boris},
year = {2008},
month = {01},
pages = {1116-1122},
title = {How extraverted is honey.bunny77@hotmail.de? Inferring personality traits from email addresses},
volume = {42},
booktitle = {Journal of Research in Personality}
}
@article{gosling2002room,
  title={A room with a cue: personality judgments based on offices and bedrooms.},
  author={Gosling, Samuel D and Ko, Sei Jin and Mannarelli, Thomas and Morris, Margaret E},
  journal={Journal of personality and social psychology},
  volume={82},
  number={3},
  pages={379},
  year={2002},
  publisher={American Psychological Association}
}
@article{cronbach1949essentials,
  title={Essentials of psychological testing.},
  author={Cronbach, Lee J},
  year={1949},
  publisher={Harper}
}
@article{mccrae1992introduction,
title={An introduction to the five-factor model and its applications},
author={McCrae, Robert R and John, Oliver P},
journal={Journal of personality},
volume={60},
number={2},
pages={175--215},
year={1992},
publisher={Wiley Online Library}
}
@techreport{tupes1961recurrent,
  title={Recurrent personality factors based on trait ratings},
  author={Tupes, Ernest C and Christal, Raymond E},
  year={1961},
  institution={PERSONNEL RESEARCH LAB LACKLAND AFB TX}
}
@article{john1999big,
  title={The Big Five trait taxonomy: History, measurement, and theoretical perspectives},
  author={John, Oliver P and Srivastava, Sanjay},
  journal={Handbook of personality: Theory and research},
  volume={2},
  number={1999},
  pages={102--138},
  year={1999},
  publisher={Guilford}
}
@article{king1997five,
  title={The five-factor model plus dominance in chimpanzee personality},
  author={King, James E and Figueredo, Aurelio Jos{\'e}},
  journal={Journal of research in personality},
  volume={31},
  number={2},
  pages={257--271},
  year={1997},
  publisher={Elsevier}
}
